@online{project,
  author = {Tom Schrijvers},
  title = {{Algebraic Effect Handlers: Harnessing the fundamental power of effects (3E160354)}},
  year = 2016,
  url = {https://www.kuleuven.be/onderzoek/portaal/#/projecten/3E160354}
}

@article{own,
author = {Matija Pretnar and Amr Hany Saleh and Axel Faes and Tom Schrijvers},
title = {Efficient Compilation of Algebraic Effects and Handlers},
journaltitle = {(in review)},
year = {2017}
}


@online{eff,
author = {Andrej Bauer and Matija Pretnar},
title = {Eff},
year = {2016},
url = {http://www.eff-lang.org/}
}

@online{KCeff,
author = {KC Sivaramakrishnan},
title = {Eff directly in OCaml},
year = {2016},
url = {https://github.com/kayceesrk/eff_delimcc_ocaml/blob/master/queens_results.pdf}
}

 @InProceedings{interpreter,
  author =      "Sheng Liang and Paul Hudak and Mark Jones",
  title =       "Monad Transformers and Modular Interpreters",
  booktitle ={Proceedings of 22nd ACM Symposium on Principles of
              Programming Languages},
  year =        "1995",
  publisher =   "ACM Press",
  address =     "New York",
  month =       "January",
  pages={333-343}
} 

@article{introduction,
  author    = {Matija Pretnar},
  title     = {An Introduction to Algebraic Effects and Handlers. Invited tutorial
               paper},
  journal   = {Electr. Notes Theor. Comput. Sci.},
  volume    = {319},
  pages     = {19--35},
  year      = {2015},
  url       = {http://dx.doi.org/10.1016/j.entcs.2015.12.003},
  doi       = {10.1016/j.entcs.2015.12.003},
  timestamp = {Tue, 29 Dec 2015 10:17:02 +0100},
  biburl    = {http://dblp.uni-trier.de/rec/bib/journals/entcs/Pretnar15},
  bibsource = {dblp computer science bibliography, http://dblp.org}
}

@article{effectsystem,
  author    = {Andrej Bauer and
               Matija Pretnar},
  title     = {An Effect System for Algebraic Effects and Handlers},
  journal   = {Logical Methods in Computer Science},
  volume    = {10},
  number    = {4},
  year      = {2014},
  url       = {http://dx.doi.org/10.2168/LMCS-10(4:9)2014},
  doi       = {10.2168/LMCS-10(4:9)2014},
  timestamp = {Mon, 05 Jan 2015 16:52:14 +0100},
  biburl    = {http://dblp.uni-trier.de/rec/bib/journals/corr/BauerP13},
  bibsource = {dblp computer science bibliography, http://dblp.org}
}

@article{inferring,
  author    = {Matija Pretnar},
  title     = {Inferring Algebraic Effects},
  journal   = {Logical Methods in Computer Science},
  volume    = {10},
  number    = {3},
  year      = {2014},
  url       = {http://dx.doi.org/10.2168/LMCS-10(3:21)2014},
  doi       = {10.2168/LMCS-10(3:21)2014},
  timestamp = {Tue, 07 Oct 2014 17:26:24 +0200},
  biburl    = {http://dblp.uni-trier.de/rec/bib/journals/corr/Pretnar13},
  bibsource = {dblp computer science bibliography, http://dblp.org}
}

@article{handling,
  author    = {Gordon D. Plotkin and
               Matija Pretnar},
  title     = {Handling Algebraic Effects},
  journal   = {Logical Methods in Computer Science},
  volume    = {9},
  number    = {4},
  year      = {2013},
  url       = {http://dx.doi.org/10.2168/LMCS-9(4:23)2013},
  doi       = {10.2168/LMCS-9(4:23)2013},
  timestamp = {Mon, 06 Jan 2014 17:34:19 +0100},
  biburl    = {http://dblp.uni-trier.de/rec/bib/journals/corr/PlotkinP13},
  bibsource = {dblp computer science bibliography, http://dblp.org}
}

@Inbook{monads,
author="Vazou, Niki
and Leijen, Daan",
editor="Gavanelli, Marco
and Reppy, John",
title="From Monads to Effects and Back",
bookTitle="Practical Aspects of Declarative Languages: 18th International Symposium, PADL 2016, St. Petersburg, FL, USA, January 18-19, 2016. Proceedings",
year="2016",
publisher="Springer International Publishing",
address="Cham",
pages="169--186",
isbn="978-3-319-28228-2",
doi="10.1007/978-3-319-28228-2_11",
url="http://dx.doi.org/10.1007/978-3-319-28228-2_11"
}

@article{programming,
  author    = {Andrej Bauer and
               Matija Pretnar},
  title     = {Programming with algebraic effects and handlers},
  journal   = {J. Log. Algebr. Meth. Program.},
  volume    = {84},
  number    = {1},
  pages     = {108--123},
  year      = {2015},
  url       = {http://dx.doi.org/10.1016/j.jlamp.2014.02.001},
  doi       = {10.1016/j.jlamp.2014.02.001},
  timestamp = {Wed, 07 Jan 2015 15:54:11 +0100},
  biburl    = {http://dblp.uni-trier.de/rec/bib/journals/jlp/BauerP15},
  bibsource = {dblp computer science bibliography, http://dblp.org}
}

@article{scope,
 author = {Wu, Nicolas and Schrijvers, Tom and Hinze, Ralf},
 title = {Effect Handlers in Scope},
 journal = {SIGPLAN Not.},
 issue_date = {December 2014},
 volume = {49},
 number = {12},
 month = sep,
 year = {2014},
 issn = {0362-1340},
 pages = {1--12},
 numpages = {12},
 url = {http://doi.acm.org/10.1145/2775050.2633358},
 doi = {10.1145/2775050.2633358},
 acmid = {2633358},
 publisher = {ACM},
 address = {New York, NY, USA},
 keywords = {Haskell, effect handlers, modularity, monads, semantics, syntax},
} 

@inproceedings{directly,
  title={Eff Directly in OCaml},
  author={Kiselyov, Oleg and Sivaramakrishnan, KC}
}

@article{handlersinaction,
 author = {Kammar, Ohad and Lindley, Sam and Oury, Nicolas},
 title = {Handlers in Action},
 journal = {SIGPLAN Not.},
 issue_date = {September 2013},
 volume = {48},
 number = {9},
 month = sep,
 year = {2013},
 issn = {0362-1340},
 pages = {145--158},
 numpages = {14},
 url = {http://doi.acm.org/10.1145/2544174.2500590},
 doi = {10.1145/2544174.2500590},
 acmid = {2500590},
 publisher = {ACM},
 address = {New York, NY, USA},
 keywords = {algebraic effects, continuations, effect handlers, effect typing, haskell, modularity, monads},
} 

@online{multicore,
author = {OCamlLabs},
title = {MultiCore OCaml},
year = {2016},
url = {https://github.com/ocamllabs/ocaml-multicore/wiki}
}

@inproceedings{links,
  title={Compiling Links effect handlers to the OCaml backend},
  author={Hillerstr{\"o}m, Daniel and Lindley, Sam and Sivaramakrishnan, K}
}

@inproceedings{Hillerstrom:2016:LER:2976022.2976033,
 author = {Hillerstr\"{o}m, Daniel and Lindley, Sam},
 title = {Liberating Effects with Rows and Handlers},
 booktitle = {Proceedings of the 1st International Workshop on Type-Driven Development},
 series = {TyDe 2016},
 year = {2016},
 isbn = {978-1-4503-4435-7},
 location = {Nara, Japan},
 pages = {15--27},
 numpages = {13},
 url = {http://doi.acm.org/10.1145/2976022.2976033},
 doi = {10.1145/2976022.2976033},
 acmid = {2976033},
 publisher = {ACM},
 address = {New York, NY, USA},
 keywords = {abstract machine semantics, algebraic effects, delimited control, effect handlers, effect typing, operational semantics},
} 

@online{efftut,
author = {Matija Pretnar},
title = {An Introduction to Algebraic Effects and Handlers},
year = {2015},
url = {http://www.eff-lang.org/handlers-tutorial.pdf}
}

@online{delimccweb,
author = {Oleg Kiselyov},
title = {Implementations of delimited control in OCaml, Haskell, Scheme},
year = {2013},
url = {http://okmij.org/ftp/continuations/implementations.html}
}

@online{linkslang,
author = {Links},
title = {Links: Linking Theory to Practice for the Web},
year = {2016},
url = {http://links-lang.org/}
}

